@misc{liu2020surveycontextualembeddings,
      title={A Survey on Contextual Embeddings}, 
      author={Qi Liu and Matt J. Kusner and Phil Blunsom},
      year={2020},
      eprint={2003.07278},
      archivePrefix={arXiv},
      primaryClass={cs.CL}
}

@misc{sentimentanalysisspanishtweets,
    author = {Chiruzzo, Luis and Etcheverry, Mathias and Rosa, Aiala},
    year = {2020},
    title = {Sentiment analysis in Spanish tweets: Some experiments with focus on neutral tweets},
}

@article{Wang_2019,
   title={Evaluating word embedding models: methods and experimental results},
   volume={8},
   ISSN={2048-7703},
   number={1},
   journal={APSIPA Transactions on Signal and Information Processing},
   publisher={Now Publishers},
   author={Wang, Bin and Wang, Angela and Chen, Fenxiao and Wang, Yuncheng and Kuo, C.-C. Jay},
   year={2019} 
}

@misc{yaghoobzadeh2016intrinsicsubspaceevaluationword,
      title={Intrinsic Subspace Evaluation of Word Embedding Representations}, 
      author={Yadollah Yaghoobzadeh and Hinrich Schütze},
      year={2016},
      eprint={1606.07902},
      archivePrefix={arXiv},
      primaryClass={cs.CL}
}

@misc{HellrichH17,
  author    = {Johannes Hellrich and Udo Hahn},
  title     = {Don't get fooled by word embeddings: better watch their neighborhood},
  year      = {2017},
  publisher = {Alliance of Digital Humanities Organizations (ADHO)},
}

@misc{GladkovaDrozd2016,
  title = {Intrinsic Evaluations of Word Embeddings: What Can We Do Better?},
  author = {Anna Gladkova and Aleksandr Drozd},
  year = {2016},
  publisher = {Association for Computational Linguistics (ACL)},
}

@misc{chandrasekaran2021comparativeanalysiswordembeddings,
      title={Comparative analysis of word embeddings in assessing semantic similarity of complex sentences}, 
      author={Dhivya Chandrasekaran and Vijay Mago},
      year={2021},
      eprint={2010.12637},
      archivePrefix={arXiv},
      primaryClass={cs.CL}
}

@misc{mikolov2013efficientestimationwordrepresentations,
      title={Efficient Estimation of Word Representations in Vector Space}, 
      author={Tomas Mikolov and Kai Chen and Greg Corrado and Jeffrey Dean},
      year={2013},
      eprint={1301.3781},
      archivePrefix={arXiv},
      primaryClass={cs.CL}
}

@misc{levy2014,
    author = {Levy, Omer and Goldberg, Yoav},
    year = {2014},
    title = {Dependency-Based Word Embeddings},
    journal = {52nd Annual Meeting of the Association for Computational Linguistics, ACL 2014 - Proceedings of the Conference},
}

@misc{mikolov2013distributedrepresentationswordsphrases,
      title={Distributed Representations of Words and Phrases and their Compositionality}, 
      author={Tomas Mikolov and Ilya Sutskever and Kai Chen and Greg Corrado and Jeffrey Dean},
      year={2013},
      eprint={1310.4546},
      archivePrefix={arXiv},
      primaryClass={cs.CL}
}

@misc{Wang2017ngram,
  author    = {Zihao Wang},
  title     = {N-gram and LSTM based Language Models},
  year      = {2018},
}

@misc{merity2017regularizingoptimizinglstmlanguage,
      title={Regularizing and Optimizing LSTM Language Models}, 
      author={Stephen Merity and Nitish Shirish Keskar and Richard Socher},
      year={2017},
      eprint={1708.02182},
      archivePrefix={arXiv},
      primaryClass={cs.CL}
}
@misc{pascanu2013difficultytrainingrecurrentneural,
      title={On the difficulty of training Recurrent Neural Networks}, 
      author={Razvan Pascanu and Tomas Mikolov and Yoshua Bengio},
      year={2013},
      eprint={1211.5063},
      archivePrefix={arXiv},
      primaryClass={cs.LG}
}

@article{lstm,
    author = {Hochreiter, Sepp and Schmidhuber, Jürgen},
    year = {1997},
    month = {12},
    pages = {1735-80},
    title = {Long Short-term Memory},
    volume = {9},
    journal = {Neural computation}
}

@misc{chung2014empiricalevaluationgatedrecurrent,
      title={Empirical Evaluation of Gated Recurrent Neural Networks on Sequence Modeling}, 
      author={Junyoung Chung and Caglar Gulcehre and KyungHyun Cho and Yoshua Bengio},
      year={2014},
      eprint={1412.3555},
      archivePrefix={arXiv},
      primaryClass={cs.NE}
}

@misc{lstmandgru,
    author = {Yang, Shudong and Yu, Xueying and Zhou, Ying},
    year = {2020},
    month = {06},
    pages = {98-101},
    title = {LSTM and GRU Neural Network Performance Comparison Study: Taking Yelp Review Dataset as an Example}
}

@incollection{ImmordinoYangDeacon2007,
  author    = {Immordino-Yang, M. H. and Deacon, T. W.},
  title     = {An evolutionary perspective on reading and reading disorders},
  booktitle = {Mind, brain, and education in reading disorders},
  editor    = {Fischer, K. W. and Bernstein, J. H. and Immordino-Yang, M. H.},
  pages     = {16--36},
  publisher = {Cambridge University Press},
  year      = {2007}
}

@article{Renadya,
    author = {Renandya, Willy},
    year = {2007},
    month = {08},
    pages = {133-149},
    title = {The Power of Extensive Reading},
    volume = {38},
    journal = {Relc Journal},
}

@article{wilkinson,
    author = {Wilkinson, Darrell},
    year = {2012},
    month = {12},
    pages = {252-262},
    title = {A Data-Driven Approach to Increasing Student Motivation in the Reading Classroom},
    volume = {3},
    journal = {Language Education in Asia},
}

@book{Brown1895,
  author    = {Brown, A. C.},
  title     = {The Relation between the Movements of the Eyes and the Movements of the Head: Being the Fourth Robert Boyle Lecture Delivered before the Oxford University Junior Scientific Club},
  publisher = {Henry Frowde},
  year      = {1895},
  address   = {London}
}

@book{Rayner2012,
  author    = {Rayner, K. and Pollatsek, A. and Ashby, J. and Clifton, C.},
  title     = {The Psychology of Reading (2nd edition)},
  publisher = {Psychology Press},
  year      = {2012},
  address   = {Hove}
}

@article{Rayner2009,
  author    = {Rayner, K.},
  title     = {Eye movements and attention in reading, scene perception, and visual search},
  journal   = {Quarterly Journal of Experimental Psychology},
  year      = {2009},
  volume    = {62},
  number    = {8},
  pages     = {1457--1506},
}

@article{Irwin1998,
  author    = {Irwin, D. E.},
  title     = {Lexical processing during saccadic eye movements},
  journal   = {Cognitive Psychology},
  year      = {1998},
  volume    = {36},
  number    = {1},
  pages     = {1--27}
}

@article{Irwin1996,
  author    = {Irwin, D. E. and Carlson-Radvansky, L. A.},
  title     = {Cognitive suppression during saccadic eye movements},
  journal   = {Psychological Science},
  year      = {1996},
  volume    = {7},
  number    = {2},
  pages     = {83--88}
}

@incollection{CastelhanoRayner2008,
  author    = {Castelhano, M. S. and Rayner, K.},
  title     = {Eye movements during reading, visual search, and scene perception: An overview},
  booktitle = {Cognitive and Cultural Influences on Eye Movements},
  editor    = {Rayner, K. and Shen, D. and Bai, X. and Yan, G.},
  pages     = {3--33},
  publisher = {Tianjin People’s Publishing House},
  year      = {2008},
  address   = {Tianjin}
}

@article{JustCarpenter1980,
  author    = {Just, M. A. and Carpenter, P. A.},
  title     = {A theory of reading: From eye fixations to comprehension},
  journal   = {Psychological Review},
  year      = {1980},
  volume    = {87},
  number    = {4},
  pages     = {329--354}
}

@article{EhrlichRayner1983,
  author    = {Ehrlich, K. and Rayner, K.},
  title     = {Pronoun assignment and semantic integration during reading: Eye movements and immediacy of processing},
  journal   = {Journal of Verbal Learning and Verbal Behavior},
  year      = {1983},
  volume    = {22},
  number    = {1},
  pages     = {75--87}
}

@incollection{StaubRayner2007,
  author    = {Staub, A. and Rayner, K.},
  title     = {Eye movements and on-line comprehension processes},
  booktitle = {The Oxford Handbook of Psycholinguistics},
  editor    = {Gaskell, M. G.},
  pages     = {327--342},
  publisher = {Oxford University Press},
  year      = {2007},
  address   = {Oxford}
}

@article{Altarriba1996,
  author    = {Altarriba, J. and Kroll, J. and Sholl, A. and Rayner, K.},
  title     = {The influence of lexical and conceptual constraints on reading mixed-language sentences: Evidence from eye fixations and naming times},
  journal   = {Memory and Cognition},
  year      = {1996},
  volume    = {24},
  number    = {4},
  pages     = {477--492}
}

@article{Inhoff1984,
  author    = {Inhoff, A.},
  title     = {Two stages of word processing during eye fixations in the reading of prose},
  journal   = {Journal of Verbal Learning and Verbal Behavior},
  year      = {1984},
  volume    = {23},
  pages     = {612--624}
}

@article{Paterson1999,
  author    = {Paterson, K. and Liversedge, S. and Underwood, G.},
  title     = {The influence of focus operators on syntactic processing of short relative clause sentences},
  journal   = {Quarterly Journal of Experimental Psychology},
  year      = {1999},
  volume    = {52A},
  pages     = {717--737}
}

@incollection{CliftonStaubRayner2007,
  author    = {Clifton, C. and Staub, A. and Rayner, K.},
  title     = {Eye movements in reading words and sentences},
  booktitle = {Eye Movements: A Window on Mind and Brain},
  editor    = {van Gompel, R. and Fischer, M. H. and Murray, W. S. and Hill, R. L.},
  pages     = {341--372},
  publisher = {Elsevier},
  year      = {2007}
}

@article{FrazierRayner1982,
  author    = {Frazier, L. and Rayner, K.},
  title     = {Making and correcting errors during sentence comprehension: Eye movements in the analysis of structurally ambiguous sentences},
  journal   = {Cognitive Psychology},
  year      = {1982},
  volume    = {14},
  pages     = {178--210}
}

@article{Rayner1998,
  author    = {Rayner, K.},
  title     = {Eye movements in reading and information processing: 20 years of research},
  journal   = {Psychological Bulletin},
  year      = {1998},
  volume    = {124},
  number    = {3},
  pages     = {372--422}
}

@article{Reinhold2006,
    author = {Kliegl, Reinhold and Nuthmann, Antje and Engbert, Ralf},
    year = {2006},
    month = {03},
    pages = {12-35},
    title = {Tracking the mind during reading: The influence of past, present, and future words on fixation durations},
    volume = {135},
    journal = {Journal of experimental psychology. General}
}

@article{Bianchi2020,
  author    = {Bianchi, Bruno and Bengolea Monzón, Gastón and Ferrer, Luciana and Fernández Slezak, Diego and Shalom, Diego E. and Kamienkowski, Juan E.},
  title     = {Human and computer estimations of Predictability of words in written language},
  journal   = {Scientific Reports},
  year      = {2020},
  volume    = {10},
  number    = {1},
  pages     = {4396}
}

@misc{Hofmann2017,
    author = {Hofmann, Markus and Biemann, Chris and Remus, Steffen},
    year = {2017},
    month = {03},
    title = {Benchmarking n-grams, Topic Models and Recurrent Neural Networks by Cloze Completions, EEGs and Eye Movements},
    journal = {Cognitive Approach to Natural Language Processing}
}

@inproceedings{barrett-etal-2016-weakly,
    title = "Weakly Supervised Part-of-speech Tagging Using Eye-tracking Data",
    author = "Barrett, Maria  and
      Bingel, Joachim  and
      Keller, Frank  and
      S{\o}gaard, Anders",
    editor = "Erk, Katrin  and
      Smith, Noah A.",
    booktitle = "Proceedings of the 54th Annual Meeting of the Association for Computational Linguistics (Volume 2: Short Papers)",
    year = "2016",
    address = "Berlin, Germany",
    publisher = "Association for Computational Linguistics",
    pages = "579--584",
}

@misc{klerke2016improvingsentencecompressionlearning,
      title={Improving sentence compression by learning to predict gaze}, 
      author={Sigrid Klerke and Yoav Goldberg and Anders Søgaard},
      year={2016}
}

@inproceedings{sajjad-etal-2016-eyes,
    title = "Eyes Don{'}t Lie: Predicting Machine Translation Quality Using Eye Movement",
    author = "Sajjad, Hassan  and
      Guzm{\'a}n, Francisco  and
      Durrani, Nadir  and
      Abdelali, Ahmed  and
      Bouamor, Houda  and
      Temnikova, Irina  and
      Vogel, Stephan",
    editor = "Knight, Kevin  and
      Nenkova, Ani  and
      Rambow, Owen",
    booktitle = "Proceedings of the 2016 Conference of the North {A}merican Chapter of the Association for Computational Linguistics: Human Language Technologies",
    year = "2016",
    address = "San Diego, California",
    publisher = "Association for Computational Linguistics",
    pages = "1082--1088",
}

@misc{mishra2017,
    author = {Mishra, Abhijit and Kanojia, Diptesh and Nagar, Seema and Dey, Kuntal and Bhattacharyya, Pushpak},
    year = {2017},
    month = {01},
    title = {Leveraging Cognitive Features for Sentiment Analysis},
}

@misc{hollenstein2019,
    author = {Hollenstein, Nora and Zhang, Ce},
    year = {2019},
    month = {02},
    title = {Entity Recognition at First Sight: Improving NER with Eye Movement Information}
}

@article{Caruana1997,
    author = {Caruana, Rich},
    year = {1997},
    month = {07},
    title = {Multitask Learning},
    volume = {28},
    journal = {Machine Learning}
}

@article{Shannon1948,
  author    = {Shannon, C. E.},
  title     = {A Mathematical Theory of Communication},
  journal   = {The Bell System Technical Journal},
  year      = {1948},
  volume    = {27},
  number    = {3},
  pages     = {379--423},
  publisher = {Bell Labs}
}

@article{Turing1950,
  author    = {Turing, A. M.},
  title     = {Computing Machinery and Intelligence},
  journal   = {Mind},
  year      = {1950},
  volume    = {59},
  number    = {236},
  pages     = {433--460}
}

@article{ruder2018nlps,
  author = {Sebastian Ruder},
  title = {NLP's ImageNet Moment Has Arrived},
  journal = {The Gradient},
  year = {2018}
}

@misc{touvron2023llama2openfoundation,
      title={Llama 2: Open Foundation and Fine-Tuned Chat Models}, 
      author={Hugo Touvron and Louis Martin and Kevin Stone and Peter Albert and Amjad Almahairi and Yasmine Babaei and Nikolay Bashlykov and Soumya Batra and Prajjwal Bhargava and Shruti Bhosale and Dan Bikel and Lukas Blecher and Cristian Canton Ferrer and Moya Chen and Guillem Cucurull and David Esiobu and Jude Fernandes and Jeremy Fu and Wenyin Fu and Brian Fuller and Cynthia Gao and Vedanuj Goswami and Naman Goyal and Anthony Hartshorn and Saghar Hosseini and Rui Hou and Hakan Inan and Marcin Kardas and Viktor Kerkez and Madian Khabsa and Isabel Kloumann and Artem Korenev and Punit Singh Koura and Marie-Anne Lachaux and Thibaut Lavril and Jenya Lee and Diana Liskovich and Yinghai Lu and Yuning Mao and Xavier Martinet and Todor Mihaylov and Pushkar Mishra and Igor Molybog and Yixin Nie and Andrew Poulton and Jeremy Reizenstein and Rashi Rungta and Kalyan Saladi and Alan Schelten and Ruan Silva and Eric Michael Smith and Ranjan Subramanian and Xiaoqing Ellen Tan and Binh Tang and Ross Taylor and Adina Williams and Jian Xiang Kuan and Puxin Xu and Zheng Yan and Iliyan Zarov and Yuchen Zhang and Angela Fan and Melanie Kambadur and Sharan Narang and Aurelien Rodriguez and Robert Stojnic and Sergey Edunov and Thomas Scialom},
      year={2023},
      eprint={2307.09288},
      archivePrefix={arXiv},
      primaryClass={cs.CL}
}

@misc{bisk2019piqareasoningphysicalcommonsense,
      title={PIQA: Reasoning about Physical Commonsense in Natural Language}, 
      author={Yonatan Bisk and Rowan Zellers and Ronan Le Bras and Jianfeng Gao and Yejin Choi},
      year={2019},
      eprint={1911.11641},
      archivePrefix={arXiv},
      primaryClass={cs.CL}
}

@misc{mihaylov2018suitarmorconductelectricity,
      title={Can a Suit of Armor Conduct Electricity? A New Dataset for Open Book Question Answering}, 
      author={Todor Mihaylov and Peter Clark and Tushar Khot and Ashish Sabharwal},
      year={2018},
      eprint={1809.02789},
      archivePrefix={arXiv},
      primaryClass={cs.CL}
}

@misc{rajpurkar2018knowdontknowunanswerable,
      title={Know What You Don't Know: Unanswerable Questions for SQuAD}, 
      author={Pranav Rajpurkar and Robin Jia and Percy Liang},
      year={2018},
      eprint={1806.03822},
      archivePrefix={arXiv},
      primaryClass={cs.CL}
}

@misc{abnar2019blackboxmeetsblackboxrepresentational,
      title={Blackbox meets blackbox: Representational Similarity and Stability Analysis of Neural Language Models and Brains}, 
      author={Samira Abnar and Lisa Beinborn and Rochelle Choenni and Willem Zuidema},
      year={2019},
      eprint={1906.01539},
      archivePrefix={arXiv},
      primaryClass={cs.AI}
}

@misc{toneva2019,
    author = {Toneva, Mariya and Wehbe, Leila},
    year = {2019},
    month = {05},
    title = {Interpreting and improving natural-language processing (in machines) with natural language-processing (in the brain)}
}

@article{Cabana2023,
  author    = {Cabana, Á. and Zugarramurdi, C. and Valle-Lisboa, J.C. and others},
  title     = {The "Small World of Words" free association norms for Rioplatense Spanish},
  journal   = {Behavior Research},
  year      = {2023},
  volume    = {56},
  pages     = {968--985}
}

@article{Vulic2020,
  author = {Vulić, Ivan and Baker, Simon and Ponti, Edoardo Maria and Petti, Ulla and Leviant, Ira and Wing, Kelly and Majewska, Olga and Bar, Eden and Malone, Matt and Poibeau, Thierry and Reichart, Roi and Korhonen, Anna},
  title = {Multi-SimLex: A Large-Scale Evaluation of Multilingual and Cross-Lingual Lexical Semantic Similarity},
  journal = {Scientific Reports},
  volume = {10},
  number = {1},
  pages = {4396},
  year = {2020}
}

@misc{Wang2020,
  author = {Wang, Congcong and Nulty, Paul and Lillis, David},
  year = {2020},
  month = {12},
  pages = {37-46},
  title = {A Comparative Study on Word Embeddings in Deep Learning for Text Classification}
}

@book{jurafsky2000speech,
  author    = {Daniel Jurafsky and James H. Martin},
  title     = {Speech and Language Processing},
  edition   = {1st},
  year      = {2000},
  publisher = {Prentice Hall},
  address   = {Upper Saddle River, NJ}
}